@techreport{PSDNotes,
    author    = "Timothy Storer",
    title     = "PSD3 Lecture Notes",
    institution = "University Of Glasgow",
   number = "3482"
    year      = "2012/2013",

}

@book{Sommerville,
    author    = "Ian Sommerville",
    title     = "Software Engineering.",
    publisher = "Pearson",
    volume   = "9",
    year      = "2011",
}


@book{BeckXP,
    author    = "Kent Beck",
    title     = "Extreme Programming Explained.",
    publisher = "Addison-Wesley",
    volume   = "2",
    year      = "2005",
}

@manual{ScrumStandup,
    title = "The Daily Scrum Meeting",
    organization="Mountain Goat Software",
    address="http://www.mountaingoatsoftware.com/scrum/daily-scrum/",
}

@manual{SystemMetaphor,
    title="The System Metaphor",
    organization="XP123",
    address="http://xp123.com/articles/the-system-metaphor/",
}

@misc{TokenRing,
    title="Token Ring",
    note="http://en.wikipedia.org/wiki/Token_ring",
}

@misc{DesignByContract,
    title="Applying 'Design By Contract'",
    author="Bertrand Meyers",
    year="1992",
    month="October",
}